<?xml version="1.0" encoding="UTF-8"?><record xmlns="http://www.loc.gov/MARC21/slim" xmlns:cinclude="http://apache.org/cocoon/include/1.0" xmlns:zs="http://www.loc.gov/zing/srw/">
  <leader>00643nz  a2200145n  4500</leader>
  <controlfield tag="001">n 2003074118</controlfield>
  <controlfield tag="003">DLC</controlfield>
  <controlfield tag="005">20030122112022.0</controlfield>
  <controlfield tag="008">030122n| acannaabn          |a ana      </controlfield>
  <datafield tag="010" ind1=" " ind2=" ">
    <subfield code="a">n 2003074118</subfield>
  </datafield>
  <datafield tag="040" ind1=" " ind2=" ">
    <subfield code="a">DLC</subfield>
    <subfield code="b">eng</subfield>
    <subfield code="c">DLC</subfield>
  </datafield>
  <datafield tag="110" ind1="1" ind2=" ">
    <subfield code="a">Gloucester (Mass.).</subfield>
    <subfield code="b">Executive Committee for Celebration of 250th Anniversary</subfield>
  </datafield>
  <datafield tag="410" ind1="1" ind2=" ">
    <subfield code="a">Gloucester (Mass.).</subfield>
    <subfield code="b">Committee for Celebration of 250th Anniversary, Executive</subfield>
  </datafield>
  <datafield tag="410" ind1="1" ind2=" ">
    <subfield code="a">Gloucester (Mass).</subfield>
    <subfield code="b">Celebration for the 250th Anniversary, Executive Committee for</subfield>
  </datafield>
  <datafield tag="670" ind1=" " ind2=" ">
    <subfield code="a">NUCMC data from Gloucester, Mass., Archives for Its Records of Executive Committee for Celebration of 250th Anniversary, 1891-1892</subfield>
  </datafield>
</record>